@article{akyildiz2002wireless,
  title={Wireless sensor networks: a survey},
  author={Akyildiz, Ian F and Su, Weilian and Sankarasubramaniam, Yogesh and Cayirci, Erdal},
  journal={Computer networks},
  volume={38},
  number={4},
  pages={393--422},
  year={2002},
  publisher={Elsevier}
}

@phdthesis{torres2006energy,
  title={Energy consumption in wireless sensor networks using gsp},
  author={Torres, Mar{\'\i}a Gabriela Calle},
  year={2006},
  school={University of Pittsburgh}
}

@article{heinzelman2002application,
  title={An application-specific protocol architecture for wireless microsensor networks},
  author={Heinzelman, Wendi B and Chandrakasan, Anantha P and Balakrishnan, Hari},
  journal={Wireless Communications, IEEE Transactions on},
  volume={1},
  number={4},
  pages={660--670},
  year={2002},
  publisher={IEEE}
}

@article{abbasi2007survey,
  title={A survey on clustering algorithms for wireless sensor networks},
  author={Abbasi, Ameer Ahmed and Younis, Mohamed},
  journal={Computer communications},
  volume={30},
  number={14},
  pages={2826--2841},
  year={2007},
  publisher={Elsevier}
}

@article{rajagopalan2006data,
  title={Data aggregation techniques in sensor networks: A survey},
  author={Rajagopalan, Ramesh and Varshney, Pramod K},
  year={2006}
}

@incollection{ji2014data,
  title={Data gathering in wireless sensor networks},
  author={Ji, Shouling and He, Jing Selena and Cai, Zhipeng},
  booktitle={The Art of Wireless Sensor Networks},
  pages={535--565},
  year={2014},
  publisher={Springer}
}

@inproceedings{chou2009energy,
  title={Energy efficient information collection in wireless sensor networks using adaptive compressive sensing},
  author={Chou, Chun Tung and Rana, Rajib and Hu, Wen},
  booktitle={Local Computer Networks, 2009. LCN 2009. IEEE 34th Conference on},
  pages={443--450},
  year={2009},
  organization={IEEE}
}

@incollection{abuarqoub2012overview,
  title={An Overview of Information Extraction from Mobile Wireless Sensor Networks},
  author={Abuarqoub, Abdelrahman and Hammoudeh, Mohammad and Alsboui, Tariq},
  booktitle={Internet of Things, Smart Spaces, and Next Generation Networking},
  pages={95--106},
  year={2012},
  publisher={Springer}
}

@inproceedings{galluccio2008efficient,
  title={Efficient data aggregation in wireless sensor networks: an entropy-driven analysis},
  author={Galluccio, Laura and Palazzo, Sergio and Campbell, Andrew T},
  booktitle={Personal, Indoor and Mobile Radio Communications, 2008. PIMRC 2008. IEEE 19th International Symposium on},
  pages={1--6},
  year={2008},
  organization={IEEE}
}

@article{sinha2013performance,
  title={Performance evaluation of data aggregation for cluster-based wireless sensor network},
  author={Sinha, Adwitiya and Lobiyal, Daya Krishan},
  journal={Human-Centric Computing and Information Sciences},
  volume={3},
  number={1},
  pages={1--17},
  year={2013},
  publisher={Springer}
}

@inproceedings{heinzelman2000energy,
  title={Energy-efficient communication protocol for wireless microsensor networks},
  author={Heinzelman, Wendi Rabiner and Chandrakasan, Anantha and Balakrishnan, Hari},
  booktitle={System sciences, 2000. Proceedings of the 33rd annual Hawaii international conference on},
  pages={10--pp},
  year={2000},
  organization={IEEE}
}

@inproceedings{lindsey2002pegasis,
  title={PEGASIS: Power-efficient gathering in sensor information systems},
  author={Lindsey, Stephanie and Raghavendra, Cauligi S},
  booktitle={Aerospace conference proceedings, 2002. IEEE},
  volume={3},
  pages={3--1125},
  year={2002},
  organization={IEEE}
}

@article{younis2004heed,
  title={HEED: a hybrid, energy-efficient, distributed clustering approach for ad hoc sensor networks},
  author={Younis, Ossama and Fahmy, Sonia},
  journal={Mobile Computing, IEEE Transactions on},
  volume={3},
  number={4},
  pages={366--379},
  year={2004},
  publisher={IEEE}
}

@article{muruganathan2005centralized,
  title={A centralized energy-efficient routing protocol for wireless sensor networks},
  author={Muruganathan, Siva D and Ma, Daniel CF and Bhasin, Rolly I and Fapojuwo, A},
  journal={Communications Magazine, IEEE},
  volume={43},
  number={3},
  pages={S8--13},
  year={2005},
  publisher={IEEE}
}

@article{rago1996censoring,
  title={Censoring sensors: A low-communication-rate scheme for distributed detection},
  author={Rago, Constantino and Willett, Peter and Bar-Shalom, Yaakov},
  journal={Aerospace and Electronic Systems, IEEE Transactions on},
  volume={32},
  number={2},
  pages={554--568},
  year={1996},
  publisher={IEEE}
}

@article{jiang2005fusion,
  title={Fusion of censored decisions in wireless sensor networks},
  author={Jiang, Ruixiang and Chen, Biao},
  journal={Wireless Communications, IEEE Transactions on},
  volume={4},
  number={6},
  pages={2668--2673},
  year={2005},
  publisher={IEEE}
}

@article{axell2012spectrum,
  title={Spectrum sensing for cognitive radio: State-of-the-art and recent advances},
  author={Axell, Erik and Leus, Geert and Larsson, Erik G and Poor, H Vincent},
  journal={Signal Processing Magazine, IEEE},
  volume={29},
  number={3},
  pages={101--116},
  year={2012},
  publisher={IEEE}
}

@article{maleki2011energy,
  title={Energy-efficient distributed spectrum sensing for cognitive sensor networks},
  author={Maleki, Sina and Pandharipande, Ashish and Leus, Geert},
  journal={Sensors Journal, IEEE},
  volume={11},
  number={3},
  pages={565--573},
  year={2011},
  publisher={IEEE}
}

@inproceedings{cho2001energy,
  title={Energy efficient protocols for low duty cycle wireless microsensor networks},
  author={Cho, SeongHwan and Chandrakasan, Anantha P},
  booktitle={Acoustics, Speech, and Signal Processing, 2001. Proceedings.(ICASSP'01). 2001 IEEE International Conference on},
  volume={4},
  pages={2041--2044},
  year={2001},
  organization={IEEE}
}

@article{hu2006deploying,
  title={Deploying long-lived and cost-effective hybrid sensor networks},
  author={Hu, Wen and Chou, Chun Tung and Jha, Sanjay and Bulusu, Nirupama},
  journal={Ad Hoc Networks},
  volume={4},
  number={6},
  pages={749--767},
  year={2006},
  publisher={Elsevier}
}

@misc{BodikGuestrinEtAl2004,
    author = {Bodik, Peter and Guestrin, Carlos and Hong, Wei and Madden, Sam and Paskin, Mark and Thibaux, Romain},
    citeulike-article-id = {13399925},
    citeulike-linkout-0 = {http://select.cs.cmu.edu/data/labapp3/index.html},
    key = {BodikGuestrinEtAl2004},
    posted-at = {2014-10-17 15:06:27},
    priority = {2},
    title = {{Intel Lab Data}},
    url = {http://select.cs.cmu.edu/data/labapp3/index.html},
    year = {2004}
}

@inproceedings{suthaharan2010labelled,
  title={Labelled data collection for anomaly detection in wireless sensor networks},
  author={Suthaharan, Shan and Alzahrani, Mohammed and Rajasegarar, Sutharshan and Leckie, Christopher and Palaniswami, Marimuthu},
  booktitle={Intelligent sensors, sensor networks and information processing (ISSNIP), 2010 sixth international conference on},
  pages={269--274},
  year={2010},
  organization={IEEE}
}